@article{DBLP:journals/corr/abs-1110-6297,
  author    = {Jason D. McEwen and
               Gilles Puy and
               Jean{-}Philippe Thiran and
               Pierre Vandergheynst and
               Dimitri Van De Ville and
               Yves Wiaux},
  title     = {Sampling theorems and compressive sensing on the sphere},
  journal   = {CoRR},
  volume    = {abs/1110.6297},
  year      = {2011},
  url       = {http://arxiv.org/abs/1110.6297},
  archivePrefix = {arXiv},
  eprint    = {1110.6297},
  timestamp = {Mon, 13 Aug 2018 16:47:48 +0200},
  biburl    = {https://dblp.org/rec/bib/journals/corr/abs-1110-6297},
  bibsource = {dblp computer science bibliography, https://dblp.org}
}

@ARTICLE{1994ApJ...430L..85G,
   author = {{Gorski}, K.~M.},
    title = "{On determining the spectrum of primordial inhomogeneity from the COBE DMR sky maps: Method}",
  journal = {\apjl},
   eprint = {astro-ph/9403066},
 keywords = {Cosmic Background Explorer Satellite, Mathematical Models, Microwaves, Spectrum Analysis, Temperature Distribution, Extraterrestrial Radio Waves, Fourier Analysis, Inhomogeneity, Orthogonal Functions, Spherical Harmonics},
     year = 1994,
    month = aug,
   volume = 430,
    pages = {L85-L88},
      doi = {10.1086/187444},
   adsurl = {http://adsabs.harvard.edu/abs/1994ApJ...430L..85G},
  adsnote = {Provided by the SAO/NASA Astrophysics Data System}
}

@ARTICLE{1994ApJ...430L..89G,
   author = {{Gorski}, K.~M. and {Hinshaw}, G. and {Banday}, A.~J. and {Bennett}, C.~L. and 
	{Wright}, E.~L. and {Kogut}, A. and {Smoot}, G.~F. and {Lubin}, P.
	},
    title = "{On determining the spectrum of primordial inhomogeneity from the COBE DMR sky maps: Results of two-year data analysis}",
  journal = {\apjl},
   eprint = {astro-ph/9403067},
 keywords = {Cosmic Background Explorer Satellite, Mathematical Models, Microwaves, Spectrum Analysis, Temperature Distribution, Bayes Theorem, Fourier Analysis, Normalizing (Statistics), Power Spectra},
     year = 1994,
    month = aug,
   volume = 430,
    pages = {L89-L92},
      doi = {10.1086/187445},
   adsurl = {http://adsabs.harvard.edu/abs/1994ApJ...430L..89G},
  adsnote = {Provided by the SAO/NASA Astrophysics Data System}
}

@ARTICLE{1996ApJ...464L..11G,
   author = {{Gorski}, K.~M. and {Banday}, A.~J. and {Bennett}, C.~L. and 
	{Hinshaw}, G. and {Kogut}, A. and {Smoot}, G.~F. and {Wright}, E.~L.
	},
    title = "{Power Spectrum of Primordial Inhomogeneity Determined from the Four-Year COBE DMR Sky Maps}",
  journal = {\apjl},
   eprint = {astro-ph/9601063},
 keywords = {COSMOLOGY: COSMIC MICROWAVE BACKGROUND, COSMOLOGY: OBSERVATIONS, METHODS: ANALYTICAL, METHODS: STATISTICAL, COSMOLOGY: LARGE-SCALE STRUCTURE OF UNIVERSE},
     year = 1996,
    month = jun,
   volume = 464,
    pages = {L11},
      doi = {10.1086/310077},
   adsurl = {http://adsabs.harvard.edu/abs/1996ApJ...464L..11G},
  adsnote = {Provided by the SAO/NASA Astrophysics Data System}
}

@article{Driscoll:1994:CFT:184069.184073,
 author = {Driscoll, J. R. and Healy, D. M.},
 title = {Computing Fourier Transforms and Convolutions on the 2-Sphere},
 journal = {Adv. Appl. Math.},
 issue_date = {June 1994},
 volume = {15},
 number = {2},
 month = jun,
 year = {1994},
 issn = {0196-8858},
 pages = {202--250},
 numpages = {49},
 url = {http://dx.doi.org/10.1006/aama.1994.1008},
 doi = {10.1006/aama.1994.1008},
 acmid = {184073},
 publisher = {Academic Press, Inc.},
 address = {Orlando, FL, USA},
} 
[download]


@ARTICLE{2002ApJ...567....2H,
   author = {{Hivon}, E. and {G{\'o}rski}, K.~M. and {Netterfield}, C.~B. and 
	{Crill}, B.~P. and {Prunet}, S. and {Hansen}, F.},
    title = "{MASTER of the Cosmic Microwave Background Anisotropy Power Spectrum: A Fast Method for Statistical Analysis of Large and Complex Cosmic Microwave Background Data Sets}",
  journal = {\apj},
   eprint = {astro-ph/0105302},
 keywords = {Cosmology: Cosmic Microwave Background, Methods: Statistical},
     year = 2002,
    month = mar,
   volume = 567,
    pages = {2-17},
      doi = {10.1086/338126},
   adsurl = {http://adsabs.harvard.edu/abs/2002ApJ...567....2H},
  adsnote = {Provided by the SAO/NASA Astrophysics Data System}
}

@ARTICLE{2001PhRvD..64f3001T,
   author = {{Tegmark}, M. and {de Oliveira-Costa}, A.},
    title = "{How to measure CMB polarization power spectra without losing information}",
  journal = {\prd},
   eprint = {astro-ph/0012120},
 keywords = {Distances redshifts radial velocities, spatial distribution of galaxies, Superclusters, large-scale structure of the Universe, Background radiations, Observational cosmology},
     year = 2001,
    month = sep,
   volume = 64,
   number = 6,
      eid = {063001},
    pages = {063001},
      doi = {10.1103/PhysRevD.64.063001},
   adsurl = {http://adsabs.harvard.edu/abs/2001PhRvD..64f3001T},
  adsnote = {Provided by the SAO/NASA Astrophysics Data System}
}

@ARTICLE{2004MNRAS.350..914C,
   author = {{Chon}, G. and {Challinor}, A. and {Prunet}, S. and {Hivon}, E. and 
	{Szapudi}, I.},
    title = "{Fast estimation of polarization power spectra using correlation functions}",
  journal = {\mnras},
   eprint = {astro-ph/0303414},
 keywords = {methods: analytical:, methods: numerical, cosmic microwave background},
     year = 2004,
    month = may,
   volume = 350,
    pages = {914-926},
      doi = {10.1111/j.1365-2966.2004.07737.x},
   adsurl = {http://adsabs.harvard.edu/abs/2004MNRAS.350..914C},
  adsnote = {Provided by the SAO/NASA Astrophysics Data System}
}

@ARTICLE{2002MNRAS.336.1304H,
   author = {{Hansen}, F.~K. and {G{\'o}rski}, K.~M. and {Hivon}, E.},
    title = "{Gabor transforms on the sphere with applications to CMB power spectrum estimation}",
  journal = {\mnras},
   eprint = {astro-ph/0207464},
 keywords = {methods: data analysis, methods: statistical, techniques: image processing, cosmological parameters, cosmology: observations},
     year = 2002,
    month = nov,
   volume = 336,
    pages = {1304-1328},
      doi = {10.1046/j.1365-8711.2002.05878.x},
   adsurl = {http://adsabs.harvard.edu/abs/2002MNRAS.336.1304H},
  adsnote = {Provided by the SAO/NASA Astrophysics Data System}
}

@ARTICLE{2001PhRvD..64h3003W,
   author = {{Wandelt}, B.~D. and {Hivon}, E. and {G{\'o}rski}, K.~M.},
    title = "{Cosmic microwave background anisotropy power spectrum statistics for high precision cosmology}",
  journal = {\prd},
   eprint = {astro-ph/0008111},
 keywords = {Background radiations, Mathematical procedures and computer techniques, Observational cosmology},
     year = 2001,
    month = oct,
   volume = 64,
   number = 8,
      eid = {083003},
    pages = {083003},
      doi = {10.1103/PhysRevD.64.083003},
   adsurl = {http://adsabs.harvard.edu/abs/2001PhRvD..64h3003W},
  adsnote = {Provided by the SAO/NASA Astrophysics Data System}
}

@ARTICLE{2001ApJ...561L..11S,
   author = {{Szapudi}, I. and {Prunet}, S. and {Colombi}, S.},
    title = "{Fast Analysis of Inhomogenous Megapixel Cosmic Microwave Background Maps}",
  journal = {\apjl},
 keywords = {Cosmology: Cosmic Microwave Background, Cosmology: Theory, Methods: Statistical},
     year = 2001,
    month = nov,
   volume = 561,
    pages = {L11-L14},
      doi = {10.1086/324312},
   adsurl = {http://adsabs.harvard.edu/abs/2001ApJ...561L..11S},
  adsnote = {Provided by the SAO/NASA Astrophysics Data System}
}

@ARTICLE{2011PhRvD..84f3505B,
   author = {{Bonvin}, C. and {Durrer}, R.},
    title = "{What galaxy surveys really measure}",
  journal = {\prd},
archivePrefix = "arXiv",
   eprint = {1105.5280},
 keywords = {Cosmology, Distances redshifts radial velocities, spatial distribution of galaxies, Galaxy groups clusters and superclusters, large scale structure of the Universe},
     year = 2011,
    month = sep,
   volume = 84,
   number = 6,
      eid = {063505},
    pages = {063505},
      doi = {10.1103/PhysRevD.84.063505},
   adsurl = {http://adsabs.harvard.edu/abs/2011PhRvD..84f3505B},
  adsnote = {Provided by the SAO/NASA Astrophysics Data System}
}

@ARTICLE{2012MNRAS.427.1891A,
   author = {{Asorey}, J. and {Crocce}, M. and {Gazta{\~n}aga}, E. and {Lewis}, A.
	},
    title = "{Recovering 3D clustering information with angular correlations}",
  journal = {\mnras},
archivePrefix = "arXiv",
   eprint = {1207.6487},
 keywords = {cosmological parameters, large-scale structure of Universe},
     year = 2012,
    month = dec,
   volume = 427,
    pages = {1891-1902},
      doi = {10.1111/j.1365-2966.2012.21972.x},
   adsurl = {http://adsabs.harvard.edu/abs/2012MNRAS.427.1891A},
  adsnote = {Provided by the SAO/NASA Astrophysics Data System}
}

@ARTICLE{2018arXiv180807445T,
   author = {{The Simons Observatory Collaboration} and {Ade}, P. and {Aguirre}, J. and 
	{Ahmed}, Z. and {Aiola}, S. and {Ali}, A. and {Alonso}, D. and 
	{Alvarez}, M.~A. and {Arnold}, K. and {Ashton}, P. and et al.},
    title = "{The Simons Observatory: Science goals and forecasts}",
  journal = {ArXiv e-prints},
archivePrefix = "arXiv",
   eprint = {1808.07445},
 keywords = {Astrophysics - Cosmology and Nongalactic Astrophysics},
     year = 2018,
    month = aug,
   adsurl = {http://adsabs.harvard.edu/abs/2018arXiv180807445T},
  adsnote = {Provided by the SAO/NASA Astrophysics Data System}
}

@ARTICLE{2008PhRvD..77j3013H,
   author = {{Hamimeche}, S. and {Lewis}, A.},
    title = "{Likelihood analysis of CMB temperature and polarization power spectra}",
  journal = {\prd},
archivePrefix = "arXiv",
   eprint = {0801.0554},
 keywords = {Background radiations},
     year = 2008,
    month = may,
   volume = 77,
   number = 10,
      eid = {103013},
    pages = {103013},
      doi = {10.1103/PhysRevD.77.103013},
   adsurl = {http://adsabs.harvard.edu/abs/2008PhRvD..77j3013H},
  adsnote = {Provided by the SAO/NASA Astrophysics Data System}
}

@ARTICLE{2005ApJ...622..759G,
   author = {{G{\'o}rski}, K.~M. and {Hivon}, E. and {Banday}, A.~J. and 
	{Wandelt}, B.~D. and {Hansen}, F.~K. and {Reinecke}, M. and 
	{Bartelmann}, M.},
    title = "{HEALPix: A Framework for High-Resolution Discretization and Fast Analysis of Data Distributed on the Sphere}",
  journal = {\apj},
   eprint = {astro-ph/0409513},
 keywords = {Cosmology: Cosmic Microwave Background, Cosmology: Observations, Methods: Statistical},
     year = 2005,
    month = apr,
   volume = 622,
    pages = {759-771},
      doi = {10.1086/427976},
   adsurl = {http://adsabs.harvard.edu/abs/2005ApJ...622..759G},
  adsnote = {Provided by the SAO/NASA Astrophysics Data System}
}
@ARTICLE{2017MNRAS.465.1847E,
   author = {{Elsner}, F. and {Leistedt}, B. and {Peiris}, H.~V.},
    title = "{Unbiased pseudo-C$_{ℓ}$ power spectrum estimation with mode projection}",
  journal = {\mnras},
archivePrefix = "arXiv",
   eprint = {1609.03577},
 keywords = {methods: data analysis, methods: numerical, methods: statistical, cosmology: observations, large-scale structure of Universe},
     year = 2017,
    month = feb,
   volume = 465,
    pages = {1847-1855},
      doi = {10.1093/mnras/stw2752},
   adsurl = {http://adsabs.harvard.edu/abs/2017MNRAS.465.1847E},
  adsnote = {Provided by the SAO/NASA Astrophysics Data System}
}
@ARTICLE{2013A&A...554A.112R,
   author = {{Reinecke}, M. and {Seljebotn}, D.~S.},
    title = "{Libsharp - spherical harmonic transforms revisited}",
  journal = {\aap},
archivePrefix = "arXiv",
   eprint = {1303.4945},
 primaryClass = "physics.comp-ph",
 keywords = {methods: numerical, cosmic background radiation, large-scale structure of Universe},
     year = 2013,
    month = jun,
   volume = 554,
      eid = {A112},
    pages = {A112},
      doi = {10.1051/0004-6361/201321494},
   adsurl = {http://adsabs.harvard.edu/abs/2013A%26A...554A.112R},
  adsnote = {Provided by the SAO/NASA Astrophysics Data System}
}
@ARTICLE{2006PhRvD..74h3002S,
   author = {{Smith}, K.~M.},
    title = "{Pseudo-C$_{ℓ}$ estimators which do not mix E and B modes}",
  journal = {\prd},
   eprint = {astro-ph/0511629},
 keywords = {Background radiations},
     year = 2006,
    month = oct,
   volume = 74,
   number = 8,
      eid = {083002},
    pages = {083002},
      doi = {10.1103/PhysRevD.74.083002},
   adsurl = {http://adsabs.harvard.edu/abs/2006PhRvD..74h3002S},
  adsnote = {Provided by the SAO/NASA Astrophysics Data System}
}
@ARTICLE{2003ApJS..148..161K,
   author = {{Kogut}, A. and {Spergel}, D.~N. and {Barnes}, C. and {Bennett}, C.~L. and 
	{Halpern}, M. and {Hinshaw}, G. and {Jarosik}, N. and {Limon}, M. and 
	{Meyer}, S.~S. and {Page}, L. and {Tucker}, G.~S. and {Wollack}, E. and 
	{Wright}, E.~L.},
    title = "{First-Year Wilkinson Microwave Anisotropy Probe (WMAP) Observations: Temperature-Polarization Correlation}",
  journal = {\apjs},
   eprint = {astro-ph/0302213},
 keywords = {Cosmology: Cosmic Microwave Background, Cosmology: Observations, Instrumentation: Polarimeters},
     year = 2003,
    month = sep,
   volume = 148,
    pages = {161-173},
      doi = {10.1086/377219},
   adsurl = {http://adsabs.harvard.edu/abs/2003ApJS..148..161K},
  adsnote = {Provided by the SAO/NASA Astrophysics Data System}
}
@ARTICLE{2005MNRAS.360.1262B,
   author = {{Brown}, M.~L. and {Castro}, P.~G. and {Taylor}, A.~N.},
    title = "{Cosmic microwave background temperature and polarization pseudo-C$_{l}$ estimators and covariances}",
  journal = {\mnras},
   eprint = {astro-ph/0410394},
 keywords = {methods: data analysis, methods: statistical, cosmic microwave background, large-scale structure of Universe},
     year = 2005,
    month = jul,
   volume = 360,
    pages = {1262-1280},
      doi = {10.1111/j.1365-2966.2005.09111.x},
   adsurl = {http://adsabs.harvard.edu/abs/2005MNRAS.360.1262B},
  adsnote = {Provided by the SAO/NASA Astrophysics Data System}
}

@ARTICLE{2004MNRAS.349..603E,
   author = {{Efstathiou}, G.},
    title = "{Myths and truths concerning estimation of power spectra: the case for a hybrid estimator}",
  journal = {\mnras},
   eprint = {astro-ph/0307515},
 keywords = {methods: data analysis, methods: statistical, cosmic microwave background, large-scale structure of Universe},
     year = 2004,
    month = apr,
   volume = 349,
    pages = {603-626},
      doi = {10.1111/j.1365-2966.2004.07530.x},
   adsurl = {http://adsabs.harvard.edu/abs/2004MNRAS.349..603E},
  adsnote = {Provided by the SAO/NASA Astrophysics Data System}
}

@ARTICLE{2006MNRAS.370..343E,
   author = {{Efstathiou}, G.},
    title = "{Hybrid estimation of cosmic microwave background polarization power spectra}",
  journal = {\mnras},
   eprint = {astro-ph/0601107},
 keywords = {methods: data analysis: methods: statistical: cosmic microwave background: large-scale structure of Universe, methods: data analysis, methods: statistical, cosmic microwave background, large-scale structure of Universe},
     year = 2006,
    month = jul,
   volume = 370,
    pages = {343-362},
      doi = {10.1111/j.1365-2966.2006.10486.x},
   adsurl = {http://adsabs.harvard.edu/abs/2006MNRAS.370..343E},
  adsnote = {Provided by the SAO/NASA Astrophysics Data System}
}

@ARTICLE{2013MNRAS.435.1857L,
   author = {{Leistedt}, B. and {Peiris}, H.~V. and {Mortlock}, D.~J. and 
	{Benoit-L{\'e}vy}, A. and {Pontzen}, A.},
    title = "{Estimating the large-scale angular power spectrum in the presence of systematics: a case study of Sloan Digital Sky Survey quasars}",
  journal = {\mnras},
archivePrefix = "arXiv",
   eprint = {1306.0005},
 primaryClass = "astro-ph.CO",
 keywords = {galaxies: photometry, quasars: general, galaxies: statistics, large-scale structure of Universe},
     year = 2013,
    month = nov,
   volume = 435,
    pages = {1857-1873},
      doi = {10.1093/mnras/stt1359},
   adsurl = {http://adsabs.harvard.edu/abs/2013MNRAS.435.1857L},
  adsnote = {Provided by the SAO/NASA Astrophysics Data System}
}
@ARTICLE{2016arXiv161204664A,
   author = {{Asgari}, M. and {Taylor}, A. and {Joachimi}, B. and {Kitching}, T.~D.
	},
    title = "{Flat-Sky Pseudo-Cls Analysis for Weak Gravitational Lensing}",
  journal = {ArXiv e-prints},
archivePrefix = "arXiv",
   eprint = {1612.04664},
 keywords = {Astrophysics - Cosmology and Nongalactic Astrophysics},
     year = 2016,
    month = dec,
   adsurl = {http://adsabs.harvard.edu/abs/2016arXiv161204664A},
  adsnote = {Provided by the SAO/NASA Astrophysics Data System}
}
@ARTICLE{2017arXiv170801530D,
   author = {{DES Collaboration} and {Abbott}, T.~M.~C. and {Abdalla}, F.~B. and 
	{Alarcon}, A. and {Aleksi{\'c}}, J. and {Allam}, S. and {Allen}, S. and 
	{Amara}, A. and {Annis}, J. and {Asorey}, J. and {Avila}, S. and 
	{Bacon}, D. and {Balbinot}, E. and {Banerji}, M. and {Banik}, N. and 
	{Barkhouse}, W. and {Baumer}, M. and {Baxter}, E. and {Bechtol}, K. and others},
    title = "{Dark Energy Survey Year 1 Results: Cosmological Constraints from Galaxy Clustering and Weak Lensing}",
  journal = {ArXiv e-prints},
archivePrefix = "arXiv",
   eprint = {1708.01530},
 keywords = {Astrophysics - Cosmology and Nongalactic Astrophysics},
     year = 2017,
    month = aug,
   adsurl = {http://adsabs.harvard.edu/abs/2017arXiv170801530D},
  adsnote = {Provided by the SAO/NASA Astrophysics Data System}
}
@ARTICLE{2018MNRAS.474.4894J,
   author = {{Joudaki}, S. and {Blake}, C. and {Johnson}, A. and {Amon}, A. and 
	{Asgari}, M. and {Choi}, A. and {Erben}, T. and {Glazebrook}, K. and 
	{Harnois-D{\'e}raps}, J. and {Heymans}, C. and {Hildebrandt}, H. and 
	{Hoekstra}, H. and {Klaes}, D. and {Kuijken}, K. and {Lidman}, C. and 
	{Mead}, A. and {Miller}, L. and {Parkinson}, D. and {Poole}, G.~B. and 
	{Schneider}, P. and {Viola}, M. and {Wolf}, C.},
    title = "{KiDS-450 + 2dFLenS: Cosmological parameter constraints from weak gravitational lensing tomography and overlapping redshift-space galaxy clustering}",
  journal = {\mnras},
archivePrefix = "arXiv",
   eprint = {1707.06627},
 keywords = {surveys, large-scale structure of Universe, cosmology: observations},
     year = 2018,
    month = mar,
   volume = 474,
    pages = {4894-4924},
      doi = {10.1093/mnras/stx2820},
   adsurl = {http://adsabs.harvard.edu/abs/2018MNRAS.474.4894J},
  adsnote = {Provided by the SAO/NASA Astrophysics Data System}
}

@ARTICLE{2009PhRvD..79l3515G,
   author = {{Grain}, J. and {Tristram}, M. and {Stompor}, R.},
    title = "{Polarized CMB power spectrum estimation using the pure pseudo-cross-spectrum approach}",
  journal = {\prd},
archivePrefix = "arXiv",
   eprint = {0903.2350},
 primaryClass = "astro-ph.CO",
 keywords = {Cosmology, Data analysis: algorithms and implementation, data management, Background radiations},
     year = 2009,
    month = jun,
   volume = 79,
   number = 12,
      eid = {123515},
    pages = {123515},
      doi = {10.1103/PhysRevD.79.123515},
   adsurl = {http://adsabs.harvard.edu/abs/2009PhRvD..79l3515G},
  adsnote = {Provided by the SAO/NASA Astrophysics Data System}
}


@ARTICLE{2002ApJ...579...48S,
   author = {{Scranton}, R. and {Johnston}, D. and {Dodelson}, S. and {Frieman}, J.~A. and 
	{Connolly}, A. and {Eisenstein}, D.~J. and {Gunn}, J.~E. and 
	{Hui}, L. and {Jain}, B. and {Kent}, S. and {Loveday}, J. and 
	{Narayanan}, V. and {Nichol}, R.~C. and {O'Connell}, L. and 
	{Scoccimarro}, R. and {Sheth}, R.~K. and {Stebbins}, A. and 
	{Strauss}, M.~A. and {Szalay}, A.~S. and {Szapudi}, I. and {Tegmark}, M. and 
	{Vogeley}, M. and {Zehavi}, I. and {Annis}, J. and {Bahcall}, N.~A. and 
	{Brinkman}, J. and {Csabai}, I. and {Hindsley}, R. and {Ivezic}, Z. and 
	{Kim}, R.~S.~J. and {Knapp}, G.~R. and {Lamb}, D.~Q. and {Lee}, B.~C. and 
	{Lupton}, R.~H. and {McKay}, T. and {Munn}, J. and {Peoples}, J. and 
	{Pier}, J. and {Richards}, G.~T. and {Rockosi}, C. and {Schlegel}, D. and 
	{Schneider}, D.~P. and {Stoughton}, C. and {Tucker}, D.~L. and 
	{Yanny}, B. and {York}, D.~G.},
    title = "{Analysis of Systematic Effects and Statistical Uncertainties in Angular Clustering of Galaxies from Early Sloan Digital Sky Survey Data}",
  journal = {\apj},
   eprint = {astro-ph/0107416},
 keywords = {Cosmology: Observations, Cosmology: Large-Scale Structure of Universe},
     year = 2002,
    month = nov,
   volume = 579,
    pages = {48-75},
      doi = {10.1086/342786},
   adsurl = {http://adsabs.harvard.edu/abs/2002ApJ...579...48S},
  adsnote = {Provided by the SAO/NASA Astrophysics Data System}
}
@ARTICLE{1993ApJ...412...64L,
   author = {{Landy}, S.~D. and {Szalay}, A.~S.},
    title = "{Bias and variance of angular correlation functions}",
  journal = {\apj},
 keywords = {Angular Correlation, Bias, Computational Astrophysics, Galactic Clusters, Variance, Correlation Coefficients, Monte Carlo Method, Random Variables},
     year = 1993,
    month = jul,
   volume = 412,
    pages = {64-71},
      doi = {10.1086/172900},
   adsurl = {http://adsabs.harvard.edu/abs/1993ApJ...412...64L},
  adsnote = {Provided by the SAO/NASA Astrophysics Data System}
}
@ARTICLE{2005MNRAS.358..833T,
   author = {{Tristram}, M. and {Mac{\'{\i}}as-P{\'e}rez}, J.~F. and {Renault}, C. and 
	{Santos}, D.},
    title = "{XSPECT, estimation of the angular power spectrum by computing cross-power spectra with analytical error bars}",
  journal = {\mnras},
   eprint = {astro-ph/0405575},
 keywords = {methods: data analysis, cosmic microwave background, cosmology: observations},
     year = 2005,
    month = apr,
   volume = 358,
    pages = {833-842},
      doi = {10.1111/j.1365-2966.2005.08760.x},
   adsurl = {http://adsabs.harvard.edu/abs/2005MNRAS.358..833T},
  adsnote = {Provided by the SAO/NASA Astrophysics Data System}
}
@ARTICLE{2018arXiv180702484V,
   author = {{Vanneste}, S. and {Henrot-Versill{\'e}}, S. and {Louis}, T. and 
	{Tristram}, M.},
    title = "{Quadratic estimator for CMB cross-correlation}",
  journal = {ArXiv e-prints},
archivePrefix = "arXiv",
   eprint = {1807.02484},
 keywords = {Astrophysics - Cosmology and Nongalactic Astrophysics},
     year = 2018,
    month = jul,
   adsurl = {http://adsabs.harvard.edu/abs/2018arXiv180702484V},
  adsnote = {Provided by the SAO/NASA Astrophysics Data System}
}
@ARTICLE{2013MNRAS.435.2040L,
   author = {{Louis}, T. and {N{\ae}ss}, S. and {Das}, S. and {Dunkley}, J. and 
	{Sherwin}, B.},
    title = "{Lensing simulation and power spectrum estimation for high-resolution CMB polarization maps}",
  journal = {\mnras},
archivePrefix = "arXiv",
   eprint = {1306.6692},
 primaryClass = "astro-ph.CO",
 keywords = {cosmic background radiation},
     year = 2013,
    month = nov,
   volume = 435,
    pages = {2040-2047},
      doi = {10.1093/mnras/stt1421},
   adsurl = {http://adsabs.harvard.edu/abs/2013MNRAS.435.2040L},
  adsnote = {Provided by the SAO/NASA Astrophysics Data System}
}
@book{gslbook,
  author    = {{Galassi}, M. and others}, 
  title     = {GNU Scientific Library Reference Manual},
  publisher = {The name of the publisher},
  year      = 2009,
  edition   = 3,
  isbn      = {0954612078}
}
@INPROCEEDINGS{1998wfsc.conf..297S,
   author = {{Schlegel}, D. and {Finkbeiner}, D. and {Davis}, M.},
    title = "{Application of SFD Dust Maps to Galaxy Counts and CMB Experiments}",
booktitle = {Wide Field Surveys in Cosmology},
     year = 1998,
   eprint = {astro-ph/9809230},
   editor = {{Colombi}, S. and {Mellier}, Y. and {Raban}, B.},
    pages = {297},
   adsurl = {http://adsabs.harvard.edu/abs/1998wfsc.conf..297S},
  adsnote = {Provided by the SAO/NASA Astrophysics Data System}
}
@ARTICLE{2016MNRAS.460.1270D,
   author = {{Dark Energy Survey Collaboration} and others}, 
    title = "{The Dark Energy Survey: more than dark energy - an overview}",
  journal = {MNRAS},
archivePrefix = "arXiv",
   eprint = {1601.00329},
 keywords = {surveys, minor planets, asteroids: general, supernovae: general, Galaxy: general, galaxies: general, quasars: general},
     year = 2016,
    month = aug,
   volume = 460,
    pages = {1270-1299},
      doi = {10.1093/mnras/stw641},
   adsurl = {http://adsabs.harvard.edu/abs/2016MNRAS.460.1270D},
  adsnote = {Provided by the SAO/NASA Astrophysics Data System}
}
@ARTICLE{2008arXiv0805.2366I,
   author = {{Ivezi{\'c}}, {\v Z}. and {Kahn}, S.~M. and {Tyson}, J.~A. and 
	{Abel}, B. and {Acosta}, E. and {Allsman}, R. and {Alonso}, D. and 
	{AlSayyad}, Y. and {Anderson}, S.~F. and {Andrew}, J. and et al.},
    title = "{LSST: from Science Drivers to Reference Design and Anticipated Data Products}",
  journal = {ArXiv e-prints},
archivePrefix = "arXiv",
   eprint = {0805.2366},
 keywords = {Astrophysics},
     year = 2008,
    month = may,
   adsurl = {http://adsabs.harvard.edu/abs/2008arXiv0805.2366I},
  adsnote = {Provided by the SAO/NASA Astrophysics Data System}
}
@ARTICLE{2017A&A...604A.134D,
   author = {{de Jong}, J.~T.~A. and {Verdois Kleijn}, G.~A. and {Erben}, T. and 
	{Hildebrandt}, H. and {Kuijken}, K. and {Sikkema}, G. and {Brescia}, M. and 
	{Bilicki}, M. and {Napolitano}, N.~R. and {Amaro}, V. and {Begeman}, K.~G. and 
	{Boxhoorn}, D.~R. and {Buddelmeijer}, H. and {Cavuoti}, S. and 
	{Getman}, F. and {Grado}, A. and {Helmich}, E. and {Huang}, Z. and 
	{Irisarri}, N. and {La Barbera}, F. and {Longo}, G. and {McFarland}, J.~P. and 
	{Nakajima}, R. and {Paolillo}, M. and {Puddu}, E. and {Radovich}, M. and 
	{Rifatto}, A. and {Tortora}, C. and {Valentijn}, E.~A. and {Vellucci}, C. and 
	{Vriend}, W.-J. and {Amon}, A. and {Blake}, C. and {Choi}, A. and 
	{Conti}, I.~F. and {Gwyn}, S.~D.~J. and {Herbonnet}, R. and 
	{Heymans}, C. and {Hoekstra}, H. and {Klaes}, D. and {Merten}, J. and 
	{Miller}, L. and {Schneider}, P. and {Viola}, M.},
    title = "{The third data release of the Kilo-Degree Survey and associated data products}",
  journal = {\aap},
archivePrefix = "arXiv",
   eprint = {1703.02991},
 keywords = {surveys, catalogs, techniques: photometric, techniques: image processing},
     year = 2017,
    month = aug,
   volume = 604,
      eid = {A134},
    pages = {A134},
      doi = {10.1051/0004-6361/201730747},
   adsurl = {http://adsabs.harvard.edu/abs/2017A%26A...604A.134D},
  adsnote = {Provided by the SAO/NASA Astrophysics Data System}
}
@ARTICLE{2018PASJ...70S...4A,
   author = {{Aihara}, H. and {Arimoto}, N. and {Armstrong}, R. and {Arnouts}, S. and 
	{Bahcall}, N.~A. and {Bickerton}, S. and {Bosch}, J. and {Bundy}, K. and 
	{Capak}, P.~L. and {Chan}, J.~H.~H. and {Chiba}, M. and {Coupon}, J. and 
	{Egami}, E. and {Enoki}, M. and {Finet}, F. and {Fujimori}, H. and 
	{Fujimoto}, S. and {Furusawa}, H. and {Furusawa}, J. and {Goto}, T. and 
	{Goulding}, A. and {Greco}, J.~P. and {Greene}, J.~E. and {Gunn}, J.~E. and 
	{Hamana}, T. and {Harikane}, Y. and {Hashimoto}, Y. and {Hattori}, T. and 
	{Hayashi}, M. and {Hayashi}, Y. and {He{\l}miniak}, K.~G. and 
	{Higuchi}, R. and {Hikage}, C. and {Ho}, P.~T.~P. and {Hsieh}, B.-C. and 
	{Huang}, K. and {Huang}, S. and {Ikeda}, H. and {Imanishi}, M. and 
	{Inoue}, A.~K. and {Iwasawa}, K. and {Iwata}, I. and {Jaelani}, A.~T. and 
	{Jian}, H.-Y. and {Kamata}, Y. and {Karoji}, H. and {Kashikawa}, N. and 
	{Katayama}, N. and {Kawanomoto}, S. and {Kayo}, I. and {Koda}, J. and 
	{Koike}, M. and {Kojima}, T. and {Komiyama}, Y. and {Konno}, A. and 
	{Koshida}, S. and {Koyama}, Y. and {Kusakabe}, H. and {Leauthaud}, A. and 
	{Lee}, C.-H. and {Lin}, L. and {Lin}, Y.-T. and {Lupton}, R.~H. and 
	{Mandelbaum}, R. and {Matsuoka}, Y. and {Medezinski}, E. and 
	{Mineo}, S. and {Miyama}, S. and {Miyatake}, H. and {Miyazaki}, S. and 
	{Momose}, R. and {More}, A. and {More}, S. and {Moritani}, Y. and 
	{Moriya}, T.~J. and {Morokuma}, T. and {Mukae}, S. and {Murata}, R. and 
	{Murayama}, H. and {Nagao}, T. and {Nakata}, F. and {Niida}, M. and 
	{Niikura}, H. and {Nishizawa}, A.~J. and {Obuchi}, Y. and {Oguri}, M. and 
	{Oishi}, Y. and {Okabe}, N. and {Okamoto}, S. and {Okura}, Y. and 
	{Ono}, Y. and {Onodera}, M. and {Onoue}, M. and {Osato}, K. and 
	{Ouchi}, M. and {Price}, P.~A. and {Pyo}, T.-S. and {Sako}, M. and 
	{Sawicki}, M. and {Shibuya}, T. and {Shimasaku}, K. and {Shimono}, A. and 
	{Shirasaki}, M. and {Silverman}, J.~D. and {Simet}, M. and {Speagle}, J. and 
	{Spergel}, D.~N. and {Strauss}, M.~A. and {Sugahara}, Y. and 
	{Sugiyama}, N. and {Suto}, Y. and {Suyu}, S.~H. and {Suzuki}, N. and 
	{Tait}, P.~J. and {Takada}, M. and {Takata}, T. and {Tamura}, N. and 
	{Tanaka}, M.~M. and {Tanaka}, M. and {Tanaka}, M. and {Tanaka}, Y. and 
	{Terai}, T. and {Terashima}, Y. and {Toba}, Y. and {Tominaga}, N. and 
	{Toshikawa}, J. and {Turner}, E.~L. and {Uchida}, T. and {Uchiyama}, H. and 
	{Umetsu}, K. and {Uraguchi}, F. and {Urata}, Y. and {Usuda}, T. and 
	{Utsumi}, Y. and {Wang}, S.-Y. and {Wang}, W.-H. and {Wong}, K.~C. and 
	{Yabe}, K. and {Yamada}, Y. and {Yamanoi}, H. and {Yasuda}, N. and 
	{Yeh}, S. and {Yonehara}, A. and {Yuma}, S.},
    title = "{The Hyper Suprime-Cam SSP Survey: Overview and survey design}",
  journal = {\pasj},
archivePrefix = "arXiv",
   eprint = {1704.05858},
 primaryClass = "astro-ph.IM",
 keywords = {cosmology: observations, galaxies: general, large-scale structure of universe, surveys},
     year = 2018,
    month = jan,
   volume = 70,
      eid = {S4},
    pages = {S4},
      doi = {10.1093/pasj/psx066},
   adsurl = {http://adsabs.harvard.edu/abs/2018PASJ...70S...4A},
  adsnote = {Provided by the SAO/NASA Astrophysics Data System}
}
@ARTICLE{2011arXiv1110.3193L,
   author = {{Laureijs}, R. and {Amiaux}, J. and {Arduini}, S. and {Augu{\`e}res}, J.~-. and 
	{Brinchmann}, J. and {Cole}, R. and {Cropper}, M. and {Dabin}, C. and 
	{Duvet}, L. and {Ealet}, A. and et al.},
    title = "{Euclid Definition Study Report}",
  journal = {ArXiv e-prints},
archivePrefix = "arXiv",
   eprint = {1110.3193},
 primaryClass = "astro-ph.CO",
 keywords = {Astrophysics - Cosmology and Extragalactic Astrophysics, Astrophysics - Galaxy Astrophysics},
     year = 2011,
    month = oct,
   adsurl = {http://adsabs.harvard.edu/abs/2011arXiv1110.3193L},
  adsnote = {Provided by the SAO/NASA Astrophysics Data System}
}
@INPROCEEDINGS{2014SPIE.9150E..15D,
   author = {{Delgado}, F. and {Saha}, A. and {Chandrasekharan}, S. and {Cook}, K. and 
	{Petry}, C. and {Ridgway}, S.},
    title = "{The LSST operations simulator}",
booktitle = {Modeling, Systems Engineering, and Project Management for Astronomy VI},
     year = 2014,
   series = {\procspie},
   volume = 9150,
    month = aug,
      eid = {915015},
    pages = {915015},
      doi = {10.1117/12.2056898},
   adsurl = {http://adsabs.harvard.edu/abs/2014SPIE.9150E..15D},
  adsnote = {Provided by the SAO/NASA Astrophysics Data System}
}
@ARTICLE{2016ApJS..226...24L,
   author = {{Leistedt}, B. and {Peiris}, H.~V. and {Elsner}, F. and {Benoit-L{\'e}vy}, A. and 
	{Amara}, A. and {Bauer}, A.~H. and {Becker}, M.~R. and {Bonnett}, C. and 
	{Bruderer}, C. and {Busha}, M.~T. and {Carrasco Kind}, M. and 
	{Chang}, C. and {Crocce}, M. and {da Costa}, L.~N. and {Gaztanaga}, E. and 
	{Huff}, E.~M. and {Lahav}, O. and {Palmese}, A. and {Percival}, W.~J. and 
	{Refregier}, A. and {Ross}, A.~J. and {Rozo}, E. and {Rykoff}, E.~S. and 
	{S{\'a}nchez}, C. and {Sadeh}, I. and {Sevilla-Noarbe}, I. and 
	{Sobreira}, F. and {Suchyta}, E. and {Swanson}, M.~E.~C. and 
	{Wechsler}, R.~H. and {Abdalla}, F.~B. and {Allam}, S. and {Banerji}, M. and 
	{Bernstein}, G.~M. and {Bernstein}, R.~A. and {Bertin}, E. and 
	{Bridle}, S.~L. and {Brooks}, D. and {Buckley-Geer}, E. and 
	{Burke}, D.~L. and {Capozzi}, D. and {Carnero Rosell}, A. and 
	{Carretero}, J. and {Cunha}, C.~E. and {D'Andrea}, C.~B. and 
	{DePoy}, D.~L. and {Desai}, S. and {Diehl}, H.~T. and {Doel}, P. and 
	{Eifler}, T.~F. and {Evrard}, A.~E. and {Fausti Neto}, A. and 
	{Flaugher}, B. and {Fosalba}, P. and {Frieman}, J. and {Gerdes}, D.~W. and 
	{Gruen}, D. and {Gruendl}, R.~A. and {Gutierrez}, G. and {Honscheid}, K. and 
	{James}, D.~J. and {Jarvis}, M. and {Kent}, S. and {Kuehn}, K. and 
	{Kuropatkin}, N. and {Li}, T.~S. and {Lima}, M. and {Maia}, M.~A.~G. and 
	{March}, M. and {Marshall}, J.~L. and {Martini}, P. and {Melchior}, P. and 
	{Miller}, C.~J. and {Miquel}, R. and {Nichol}, R.~C. and {Nord}, B. and 
	{Ogando}, R. and {Plazas}, A.~A. and {Reil}, K. and {Romer}, A.~K. and 
	{Roodman}, A. and {Sanchez}, E. and {Santiago}, B. and {Scarpine}, V. and 
	{Schubnell}, M. and {Smith}, R.~C. and {Soares-Santos}, M. and 
	{Tarle}, G. and {Thaler}, J. and {Thomas}, D. and {Vikram}, V. and 
	{Walker}, A.~R. and {Wester}, W. and {Zhang}, Y. and {Zuntz}, J.
	},
    title = "{Mapping and Simulating Systematics due to Spatially Varying Observing Conditions in DES Science Verification Data}",
  journal = {\apjs},
archivePrefix = "arXiv",
   eprint = {1507.05647},
 keywords = {cosmology: observations, galaxies: distances and redshifts, galaxies: statistics, large-scale structure of universe},
     year = 2016,
    month = oct,
   volume = 226,
      eid = {24},
    pages = {24},
      doi = {10.3847/0067-0049/226/2/24},
   adsurl = {http://adsabs.harvard.edu/abs/2016ApJS..226...24L},
  adsnote = {Provided by the SAO/NASA Astrophysics Data System}
}
@ARTICLE{2016A&A...594A..13P,
   author = {{Planck Collaboration} and {Ade}, P.~A.~R. and {Aghanim}, N. and 
	{Arnaud}, M. and {Ashdown}, M. and {Aumont}, J. and {Baccigalupi}, C. and 
	{Banday}, A.~J. and {Barreiro}, R.~B. and {Bartlett}, J.~G. and et al.},
    title = "{Planck 2015 results. XIII. Cosmological parameters}",
  journal = {\aap},
archivePrefix = "arXiv",
   eprint = {1502.01589},
 keywords = {cosmology: observations, cosmology: theory, cosmic background radiation, cosmological parameters},
     year = 2016,
    month = sep,
   volume = 594,
      eid = {A13},
    pages = {A13},
      doi = {10.1051/0004-6361/201525830},
   adsurl = {http://adsabs.harvard.edu/abs/2016A%26A...594A..13P},
  adsnote = {Provided by the SAO/NASA Astrophysics Data System}
}
@INPROCEEDINGS{2014SPIE.9150E..14C,
   author = {{Connolly}, A.~J. and {Angeli}, G.~Z. and {Chandrasekharan}, S. and {Claver}, C.~F. and {Cook}, K. and {Ivezic}, Z. and {Jones}, R.~L. and  {Krughoff}, K.~S. and {Peng}, E.-H. and {Peterson}, J. and {Petry}, C. and    {Rasmussen}, A.~P. and {Ridgway}, S.~T. and {Saha}, A. and {Sembroski}, G. and   {vanderPlas}, J. and {Yoachim}, P.},
    title = "{An end-to-end simulation framework for the Large Synoptic Survey Telescope}",
    booktitle = {Society of Photo-Optical Instrumentation Engineers (SPIE) Conference Series},
    year = 2014,
    series = {Society of Photo-Optical Instrumentation Engineers (SPIE) Conference Series},
    volume = 9150,
    month = aug,
    eid = {915014},
    pages = {14},
    doi = {10.1117/12.2054953},
    adsurl = {http://adsabs.harvard.edu/abs/2014SPIE.9150E..14C},
   adsnote = {Provided by the SAO/NASA Astrophysics Data System}
}
@ARTICLE{1997PhRvD..55.5895T,
   author = {{Tegmark}, M.},
    title = "{How to measure CMB power spectra without losing information}",
  journal = {\prd},
   eprint = {astro-ph/9611174},
 keywords = {Background radiations, Origin and formation of the Universe, Observational cosmology},
     year = 1997,
    month = may,
   volume = 55,
    pages = {5895-5907},
      doi = {10.1103/PhysRevD.55.5895},
   adsurl = {http://adsabs.harvard.edu/abs/1997PhRvD..55.5895T},
  adsnote = {Provided by the SAO/NASA Astrophysics Data System}
}
@ARTICLE{1995PhRvL..74.4369B,
   author = {{Bond}, J.~R.},
    title = "{Signal-to-Noise Eigenmode Analysis of the Two-Year COBE Maps}",
  journal = {Physical Review Letters},
   eprint = {astro-ph/9407044},
     year = 1995,
    month = may,
   volume = 74,
    pages = {4369-4372},
      doi = {10.1103/PhysRevLett.74.4369},
   adsurl = {http://adsabs.harvard.edu/abs/1995PhRvL..74.4369B},
  adsnote = {Provided by the SAO/NASA Astrophysics Data System}
}
@ARTICLE{2005astro.ph..3604H,
   author = {{Hamilton}, A.~J.~S.},
    title = "{Power Spectrum Estimation II. Linear Maximum Likelihood}",
  journal = {ArXiv Astrophysics e-prints},
   eprint = {astro-ph/0503604},
 keywords = {Astrophysics},
     year = 2005,
    month = mar,
   adsurl = {http://adsabs.harvard.edu/abs/2005astro.ph..3604H},
  adsnote = {Provided by the SAO/NASA Astrophysics Data System}
}
@ARTICLE{2003PhRvD..67b3001W,
   author = {{Wandelt}, B.~D. and {Hansen}, F.~K.},
    title = "{Fast, exact CMB power spectrum estimation for a certain class of observational strategies}",
  journal = {\prd},
   eprint = {astro-ph/0106515},
 keywords = {Background radiations},
     year = 2003,
    month = jan,
   volume = 67,
   number = 2,
      eid = {023001},
    pages = {023001},
      doi = {10.1103/PhysRevD.67.023001},
   adsurl = {http://adsabs.harvard.edu/abs/2003PhRvD..67b3001W},
  adsnote = {Provided by the SAO/NASA Astrophysics Data System}
}
@ARTICLE{1998PhRvD..57.2117B,
   author = {{Bond}, J.~R. and {Jaffe}, A.~H. and {Knox}, L.},
    title = "{Estimating the power spectrum of the cosmic microwave background}",
  journal = {\prd},
   eprint = {astro-ph/9708203},
 keywords = {Background radiations},
     year = 1998,
    month = feb,
   volume = 57,
    pages = {2117-2137},
      doi = {10.1103/PhysRevD.57.2117},
   adsurl = {http://adsabs.harvard.edu/abs/1998PhRvD..57.2117B},
  adsnote = {Provided by the SAO/NASA Astrophysics Data System}
}
@ARTICLE{2000MNRAS.317L..23H,
   author = {{Hamilton}, A.~J.~S. and {Tegmark}, M. and {Padmanabhan}, N.
	},
    title = "{Linear redshift distortions and power in the IRAS Point Source Catalog Redshift Survey}",
  journal = {\mnras},
   eprint = {astro-ph/0004334},
 keywords = {COSMOLOGY: THEORY, LARGE-SCALE STRUCTURE OF UNIVERSE},
     year = 2000,
    month = sep,
   volume = 317,
    pages = {L23-L27},
      doi = {10.1046/j.1365-8711.2000.03888.x},
   adsurl = {http://adsabs.harvard.edu/abs/2000MNRAS.317L..23H},
  adsnote = {Provided by the SAO/NASA Astrophysics Data System}
}
@ARTICLE{1973ApJ...185..413P,
   author = {{Peebles}, P.~J.~E.},
    title = "{Statistical Analysis of Catalogs of Extragalactic Objects. I. Theory}",
  journal = {\apj},
     year = 1973,
    month = oct,
   volume = 185,
    pages = {413-440},
      doi = {10.1086/152431},
   adsurl = {http://adsabs.harvard.edu/abs/1973ApJ...185..413P},
  adsnote = {Provided by the SAO/NASA Astrophysics Data System}
}
@ARTICLE{2010PhRvD..82b3001Z,
   author = {{Zhao}, W. and {Baskaran}, D.},
    title = "{Separating E and B types of polarization on an incomplete sky}",
  journal = {\prd},
archivePrefix = "arXiv",
   eprint = {1005.1201},
 keywords = {Background radiations, Gravitational waves: theory, Particle-theory and field-theory models of the early Universe},
     year = 2010,
    month = jul,
   volume = 82,
   number = 2,
      eid = {023001},
    pages = {023001},
      doi = {10.1103/PhysRevD.82.023001},
   adsurl = {http://adsabs.harvard.edu/abs/2010PhRvD..82b3001Z},
  adsnote = {Provided by the SAO/NASA Astrophysics Data System}
}

@ARTICLE{2017arXiv170609359K,
   author = {{Krause}, E. and {Eifler}, T.~F. and {Zuntz}, J. and {Friedrich}, O. and 
	{Troxel}, M.~A. and {Dodelson}, S. and {Blazek}, J. and {Secco}, L.~F. and 
	{MacCrann}, N. and {Baxter}, E. and {Chang}, C. and {Chen}, N. and 
	{Crocce}, M. and {DeRose}, J. and {Ferte}, A. and {Kokron}, N. and 
	{Lacasa}, F. and {Miranda}, V. and {Omori}, Y. and {Porredon}, A. and 
	{Rosenfeld}, R. and {Samuroff}, S. and {Wang}, M. and {Wechsler}, R.~H. and 
	{Abbott}, T.~M.~C. and {Abdalla}, F.~B. and {Allam}, S. and 
	{Annis}, J. and {Bechtol}, K. and {Benoit-Levy}, A. and {Bernstein}, G.~M. and 
	{Brooks}, D. and {Burke}, D.~L. and {Capozzi}, D. and {Carrasco Kind}, M. and 
	{Carretero}, J. and {D'Andrea}, C.~B. and {da Costa}, L.~N. and 
	{Davis}, C. and {DePoy}, D.~L. and {Desai}, S. and {Diehl}, H.~T. and 
	{Dietrich}, J.~P. and {Evrard}, A.~E. and {Flaugher}, B. and 
	{Fosalba}, P. and {Frieman}, J. and {Garcia-Bellido}, J. and 
	{Gaztanaga}, E. and {Giannantonio}, T. and {Gruen}, D. and {Gruendl}, R.~A. and 
	{Gschwend}, J. and {Gutierrez}, G. and {Honscheid}, K. and {James}, D.~J. and 
	{Jeltema}, T. and {Kuehn}, K. and {Kuhlmann}, S. and {Lahav}, O. and 
	{Lima}, M. and {Maia}, M.~A.~G. and {March}, M. and {Marshall}, J.~L. and 
	{Martini}, P. and {Menanteau}, F. and {Miquel}, R. and {Nichol}, R.~C. and 
	{Plazas}, A.~A. and {Romer}, A.~K. and {Rykoff}, E.~S. and {Sanchez}, E. and 
	{Scarpine}, V. and {Schindler}, R. and {Schubnell}, M. and {Sevilla-Noarbe}, I. and 
	{Smith}, M. and {Soares-Santos}, M. and {Sobreira}, F. and {Suchyta}, E. and 
	{Swanson}, M.~E.~C. and {Tarle}, G. and {Tucker}, D.~L. and 
	{Vikram}, V. and {Walker}, A.~R. and {Weller}, J.},
    title = "{Dark Energy Survey Year 1 Results: Multi-Probe Methodology and Simulated Likelihood Analyses}",
  journal = {ArXiv e-prints},
archivePrefix = "arXiv",
   eprint = {1706.09359},
 keywords = {Astrophysics - Cosmology and Nongalactic Astrophysics},
     year = 2017,
    month = jun,
   adsurl = {http://adsabs.harvard.edu/abs/2017arXiv170609359K},
  adsnote = {Provided by the SAO/NASA Astrophysics Data System}
}

@ARTICLE{2016MNRAS.456.2095E,
   author = {{Elsner}, F. and {Leistedt}, B. and {Peiris}, H.~V.},
    title = "{Unbiased methods for removing systematics from galaxy clustering measurements}",
  journal = {\mnras},
archivePrefix = "arXiv",
   eprint = {1509.08933},
 keywords = {methods: data analysis, methods: numerical, methods: statistical, cosmology: observations, large-scale structure of Universe},
     year = 2016,
    month = feb,
   volume = 456,
    pages = {2095-2104},
      doi = {10.1093/mnras/stv2777},
   adsurl = {http://adsabs.harvard.edu/abs/2016MNRAS.456.2095E},
  adsnote = {Provided by the SAO/NASA Astrophysics Data System}
}

@ARTICLE{2004PhRvD..69l3003S,
   author = {{Slosar}, A. and {Seljak}, U. and {Makarov}, A.},
    title = "{Exact likelihood evaluations and foreground marginalization in low resolution WMAP data}",
  journal = {\prd},
   eprint = {astro-ph/0403073},
 keywords = {Background radiations},
     year = 2004,
    month = jun,
   volume = 69,
   number = 12,
      eid = {123003},
    pages = {123003},
      doi = {10.1103/PhysRevD.69.123003},
   adsurl = {http://adsabs.harvard.edu/abs/2004PhRvD..69l3003S},
  adsnote = {Provided by the SAO/NASA Astrophysics Data System}
}

@ARTICLE{1992ApJ...398..169R,
   author = {{Rybicki}, G.~B. and {Press}, W.~H.},
    title = "{Interpolation, realization, and reconstruction of noisy, irregularly sampled data}",
  journal = {\apj},
 keywords = {Data Sampling, Interpolation, Linear Prediction, Reconstruction, Statistical Analysis, Bayes Theorem, Estimators, Monte Carlo Method, Wiener Filtering},
     year = 1992,
    month = oct,
   volume = 398,
    pages = {169-176},
      doi = {10.1086/171845},
   adsurl = {http://adsabs.harvard.edu/abs/1992ApJ...398..169R},
  adsnote = {Provided by the SAO/NASA Astrophysics Data System}
}

@ARTICLE{2002PhRvD..65b3505L,
   author = {{Lewis}, A. and {Challinor}, A. and {Turok}, N.},
    title = "{Analysis of CMB polarization on an incomplete sky}",
  journal = {\prd},
   eprint = {astro-ph/0106536},
 keywords = {Cosmology, Polarimetry, Background radiations},
     year = 2002,
    month = jan,
   volume = 65,
   number = 2,
      eid = {023505},
    pages = {023505},
      doi = {10.1103/PhysRevD.65.023505},
   adsurl = {http://adsabs.harvard.edu/abs/2002PhRvD..65b3505L},
  adsnote = {Provided by the SAO/NASA Astrophysics Data System}
}

@ARTICLE{2003PhRvD..67b3501B,
   author = {{Bunn}, E.~F. and {Zaldarriaga}, M. and {Tegmark}, M. and {de Oliveira-Costa}, A.
	},
    title = "{E/B decomposition of finite pixelized CMB maps}",
  journal = {\prd},
   eprint = {astro-ph/0207338},
 keywords = {Background radiations, Cosmology},
     year = 2003,
    month = jan,
   volume = 67,
   number = 2,
      eid = {023501},
    pages = {023501},
      doi = {10.1103/PhysRevD.67.023501},
   adsurl = {http://adsabs.harvard.edu/abs/2003PhRvD..67b3501B},
  adsnote = {Provided by the SAO/NASA Astrophysics Data System}
}

@ARTICLE{2011PhRvD..83h3003B,
   author = {{Bunn}, E.~F.},
    title = "{Efficient decomposition of cosmic microwave background polarization maps into pure E, pure B, and ambiguous components}",
  journal = {\prd},
archivePrefix = "arXiv",
   eprint = {1008.0827},
 primaryClass = "astro-ph.CO",
 keywords = {Background radiations},
     year = 2011,
    month = apr,
   volume = 83,
   number = 8,
      eid = {083003},
    pages = {083003},
      doi = {10.1103/PhysRevD.83.083003},
   adsurl = {http://adsabs.harvard.edu/abs/2011PhRvD..83h3003B},
  adsnote = {Provided by the SAO/NASA Astrophysics Data System}
}
@ARTICLE{2010A&A...519A.104K,
   author = {{Kim}, J. and {Naselsky}, P.},
    title = "{E/B decomposition of CMB polarization pattern of incomplete sky: a pixel space approach}",
  journal = {\aap},
archivePrefix = "arXiv",
   eprint = {1003.2911},
 primaryClass = "astro-ph.CO",
 keywords = {methods: data analysis, cosmic background radiation},
     year = 2010,
    month = sep,
   volume = 519,
      eid = {A104},
    pages = {A104},
      doi = {10.1051/0004-6361/201014739},
   adsurl = {http://adsabs.harvard.edu/abs/2010A%26A...519A.104K},
  adsnote = {Provided by the SAO/NASA Astrophysics Data System}
}
@INPROCEEDINGS{1999ASPC..172..487P,
   author = {{Pence}, W.},
    title = "{CFITSIO, v2.0: A New Full-Featured Data Interface}",
booktitle = {Astronomical Data Analysis Software and Systems VIII},
     year = 1999,
   series = {Astronomical Society of the Pacific Conference Series},
   volume = 172,
   editor = {{Mehringer}, D.~M. and {Plante}, R.~L. and {Roberts}, D.~A.},
    pages = {487},
   adsurl = {http://adsabs.harvard.edu/abs/1999ASPC..172..487P},
  adsnote = {Provided by the SAO/NASA Astrophysics Data System}
}
@Article{FFTW05,
  author = 	 {Frigo, Matteo and Johnson, Steven~G.},
  title = 	 {The Design and Implementation of {FFTW3}},
  journal = 	 {Proceedings of the IEEE},
  year = 	 2005,
  volume =	 93,
  number =	 2,
  pages =	 {216--231},
  note =	 {Special issue on ``Program Generation, Optimization, and Platform Adaptation''}
}

@ARTICLE{2016MNRAS.455.4452A,
   author = {{Alsing}, J. and {Heavens}, A. and {Jaffe}, A.~H. and {Kiessling}, A. and 
	{Wandelt}, B. and {Hoffmann}, T.},
    title = "{Hierarchical cosmic shear power spectrum inference}",
  journal = {\mnras},
archivePrefix = "arXiv",
   eprint = {1505.07840},
 keywords = {gravitational lensing: weak, methods: statistical},
     year = 2016,
    month = feb,
   volume = 455,
    pages = {4452-4466},
      doi = {10.1093/mnras/stv2501},
   adsurl = {http://adsabs.harvard.edu/abs/2016MNRAS.455.4452A},
  adsnote = {Provided by the SAO/NASA Astrophysics Data System}
}

@ARTICLE{2008MNRAS.389.1284T,
   author = {{Taylor}, J.~F. and {Ashdown}, M.~A.~J. and {Hobson}, M.~P.},
    title = "{Fast optimal CMB power spectrum estimation with Hamiltonian sampling}",
  journal = {\mnras},
archivePrefix = "arXiv",
   eprint = {0708.2989},
 keywords = {methods: data analysis , methods: statistical , cosmic microwave background},
     year = 2008,
    month = sep,
   volume = 389,
    pages = {1284-1292},
      doi = {10.1111/j.1365-2966.2008.13630.x},
   adsurl = {http://adsabs.harvard.edu/abs/2008MNRAS.389.1284T},
  adsnote = {Provided by the SAO/NASA Astrophysics Data System}
}

@ARTICLE{2004ApJS..155..227E,
   author = {{Eriksen}, H.~K. and {O'Dwyer}, I.~J. and {Jewell}, J.~B. and 
	{Wandelt}, B.~D. and {Larson}, D.~L. and {G{\'o}rski}, K.~M. and 
	{Levin}, S. and {Banday}, A.~J. and {Lilje}, P.~B.},
    title = "{Power Spectrum Estimation from High-Resolution Maps by Gibbs Sampling}",
  journal = {\apjs},
   eprint = {astro-ph/0407028},
 keywords = {Cosmology: Cosmic Microwave Background, Cosmology: Observations, Methods: Numerical},
     year = 2004,
    month = dec,
   volume = 155,
    pages = {227-241},
      doi = {10.1086/425219},
   adsurl = {http://adsabs.harvard.edu/abs/2004ApJS..155..227E},
  adsnote = {Provided by the SAO/NASA Astrophysics Data System}
}

@ARTICLE{1997PhRvD..55.1830Z,
   author = {{Zaldarriaga}, M. and {Seljak}, U.},
    title = "{All-sky analysis of polarization in the microwave background}",
  journal = {\prd},
   eprint = {astro-ph/9609170},
 keywords = {Background radiations, Particle-theory and field-theory models of the early Universe},
     year = 1997,
    month = feb,
   volume = 55,
    pages = {1830-1840},
      doi = {10.1103/PhysRevD.55.1830},
   adsurl = {http://adsabs.harvard.edu/abs/1997PhRvD..55.1830Z},
  adsnote = {Provided by the SAO/NASA Astrophysics Data System}
}


@ARTICLE{2011IJMPD..20.1053D,
   author = {{Doroshkevich}, A.~G. and {Verkhodanov}, O.~V. and {Naselsky}, P.~D. and 
	{Kim}, J. and {Novikov}, D.~I. and {Turchaninov}, V.~I. and 
	{Novikov}, I.~D. and {Chiang}, L.-Y. and {Hansen}, M.},
    title = "{The Gauss-Legendre Sky Pixelization for the CMB Polarization Glesp-Pol Errors due to Pixelization of the CMB Sky}",
  journal = {International Journal of Modern Physics D},
archivePrefix = "arXiv",
   eprint = {0904.2517},
 primaryClass = "astro-ph.CO",
 keywords = {Cosmic microwave background, data analysis},
     year = 2011,
   volume = 20,
    pages = {1053-1078},
      doi = {10.1142/S0218271811019219},
   adsurl = {http://adsabs.harvard.edu/abs/2011IJMPD..20.1053D},
  adsnote = {Provided by the SAO/NASA Astrophysics Data System}
}

@INPROCEEDINGS{2016SPIE.9910E..14D,
   author = {{De Bernardis}, F. and {Stevens}, J.~R. and {Hasselfield}, M. and 
	{Alonso}, D. and {Bond}, J.~R. and {Calabrese}, E. and {Choi}, S.~K. and 
	{Crowley}, K.~T. and {Devlin}, M. and {Dunkley}, J. and {Gallardo}, P.~A. and 
	{Henderson}, S.~W. and {Hilton}, M. and {Hlozek}, R. and {Ho}, S.~P. and 
	{Huffenberger}, K. and {Koopman}, B.~J. and {Kosowsky}, A. and 
	{Louis}, T. and {Madhavacheril}, M.~S. and {McMahon}, J. and 
	{N{\ae}ss}, S. and {Nati}, F. and {Newburgh}, L. and {Niemack}, M.~D. and 
	{Page}, L.~A. and {Salatino}, M. and {Schillaci}, A. and {Schmitt}, B.~L. and 
	{Sehgal}, N. and {Sievers}, J.~L. and {Simon}, S.~M. and {Spergel}, D.~N. and 
	{Staggs}, S.~T. and {van Engelen}, A. and {Vavagiakis}, E.~M. and 
	{Wollack}, E.~J.},
    title = "{Survey strategy optimization for the Atacama Cosmology Telescope}",
booktitle = {Observatory Operations: Strategies, Processes, and Systems VI},
     year = 2016,
   series = {\procspie},
   volume = 9910,
archivePrefix = "arXiv",
   eprint = {1607.02120},
 primaryClass = "astro-ph.IM",
    month = jul,
      eid = {991014},
    pages = {991014},
      doi = {10.1117/12.2232824},
   adsurl = {http://adsabs.harvard.edu/abs/2016SPIE.9910E..14D},
  adsnote = {Provided by the SAO/NASA Astrophysics Data System}
}

@ARTICLE{2017JCAP...06..031L,
   author = {{Louis}, T. and {Grace}, E. and {Hasselfield}, M. and {Lungu}, M. and 
	{Maurin}, L. and {Addison}, G.~E. and {Ade}, P.~A.~R. and {Aiola}, S. and 
	{Allison}, R. and {Amiri}, M. and {Angile}, E. and {Battaglia}, N. and 
	{Beall}, J.~A. and {de Bernardis}, F. and {Bond}, J.~R. and 
	{Britton}, J. and {Calabrese}, E. and {Cho}, H.-m. and {Choi}, S.~K. and 
	{Coughlin}, K. and {Crichton}, D. and {Crowley}, K. and {Datta}, R. and 
	{Devlin}, M.~J. and {Dicker}, S.~R. and {Dunkley}, J. and {D{\"u}nner}, R. and 
	{Ferraro}, S. and {Fox}, A.~E. and {Gallardo}, P. and {Gralla}, M. and 
	{Halpern}, M. and {Henderson}, S. and {Hill}, J.~C. and {Hilton}, G.~C. and 
	{Hilton}, M. and {Hincks}, A.~D. and {Hlozek}, R. and {Ho}, S.~P.~P. and 
	{Huang}, Z. and {Hubmayr}, J. and {Huffenberger}, K.~M. and 
	{Hughes}, J.~P. and {Infante}, L. and {Irwin}, K. and {Muya Kasanda}, S. and 
	{Klein}, J. and {Koopman}, B. and {Kosowsky}, A. and {Li}, D. and 
	{Madhavacheril}, M. and {Marriage}, T.~A. and {McMahon}, J. and 
	{Menanteau}, F. and {Moodley}, K. and {Munson}, C. and {Naess}, S. and 
	{Nati}, F. and {Newburgh}, L. and {Nibarger}, J. and {Niemack}, M.~D. and 
	{Nolta}, M.~R. and {Nu{\~n}ez}, C. and {Page}, L.~A. and {Pappas}, C. and 
	{Partridge}, B. and {Rojas}, F. and {Schaan}, E. and {Schmitt}, B.~L. and 
	{Sehgal}, N. and {Sherwin}, B.~D. and {Sievers}, J. and {Simon}, S. and 
	{Spergel}, D.~N. and {Staggs}, S.~T. and {Switzer}, E.~R. and 
	{Thornton}, R. and {Trac}, H. and {Treu}, J. and {Tucker}, C. and 
	{Van Engelen}, A. and {Ward}, J.~T. and {Wollack}, E.~J.},
    title = "{The Atacama Cosmology Telescope: two-season ACTPol spectra and parameters}",
  journal = {\jcap},
archivePrefix = "arXiv",
   eprint = {1610.02360},
     year = 2017,
    month = jun,
   volume = 6,
      eid = {031},
    pages = {031},
      doi = {10.1088/1475-7516/2017/06/031},
   adsurl = {http://adsabs.harvard.edu/abs/2017JCAP...06..031L},
  adsnote = {Provided by the SAO/NASA Astrophysics Data System}
}

@ARTICLE{2017ApJ...848..121P,
   author = {{POLARBEAR Collaboration} and {Ade}, P.~A.~R. and {Aguilar}, M. and 
	{Akiba}, Y. and {Arnold}, K. and {Baccigalupi}, C. and {Barron}, D. and 
	{Beck}, D. and {Bianchini}, F. and {Boettger}, D. and {Borrill}, J. and 
	{Chapman}, S. and {Chinone}, Y. and {Crowley}, K. and {Cukierman}, A. and 
	{D{\"u}nner}, R. and {Dobbs}, M. and {Ducout}, A. and {Elleflot}, T. and 
	{Errard}, J. and {Fabbian}, G. and {Feeney}, S.~M. and {Feng}, C. and 
	{Fujino}, T. and {Galitzki}, N. and {Gilbert}, A. and {Goeckner-Wald}, N. and 
	{Groh}, J.~C. and {Hall}, G. and {Halverson}, N. and {Hamada}, T. and 
	{Hasegawa}, M. and {Hazumi}, M. and {Hill}, C.~A. and {Howe}, L. and 
	{Inoue}, Y. and {Jaehnig}, G. and {Jaffe}, A.~H. and {Jeong}, O. and 
	{Kaneko}, D. and {Katayama}, N. and {Keating}, B. and {Keskitalo}, R. and 
	{Kisner}, T. and {Krachmalnicoff}, N. and {Kusaka}, A. and {Le Jeune}, M. and 
	{Lee}, A.~T. and {Leitch}, E.~M. and {Leon}, D. and {Linder}, E. and 
	{Lowry}, L. and {Matsuda}, F. and {Matsumura}, T. and {Minami}, Y. and 
	{Montgomery}, J. and {Navaroli}, M. and {Nishino}, H. and {Paar}, H. and 
	{Peloton}, J. and {Pham}, A.~T.~P. and {Poletti}, D. and {Puglisi}, G. and 
	{Reichardt}, C.~L. and {Richards}, P.~L. and {Ross}, C. and 
	{Segawa}, Y. and {Sherwin}, B.~D. and {Silva-Feaver}, M. and 
	{Siritanasak}, P. and {Stebor}, N. and {Stompor}, R. and {Suzuki}, A. and 
	{Tajima}, O. and {Takakura}, S. and {Takatori}, S. and {Tanabe}, D. and 
	{Teply}, G.~P. and {Tomaru}, T. and {Tucker}, C. and {Whitehorn}, N. and 
	{Zahn}, A.},
    title = "{A Measurement of the Cosmic Microwave Background B-mode Polarization Power Spectrum at Subdegree Scales from Two Years of polarbear Data}",
  journal = {\apj},
archivePrefix = "arXiv",
   eprint = {1705.02907},
 keywords = {cosmic background radiation, cosmology: observations, large-scale structure of universe},
     year = 2017,
    month = oct,
   volume = 848,
      eid = {121},
    pages = {121},
      doi = {10.3847/1538-4357/aa8e9f},
   adsurl = {http://adsabs.harvard.edu/abs/2017ApJ...848..121P},
  adsnote = {Provided by the SAO/NASA Astrophysics Data System}
}

@ARTICLE{2016PhRvL.116c1302B,
   author = {{BICEP2 Collaboration} and {Keck Array Collaboration} and {Ade}, P.~A.~R. and 
	{Ahmed}, Z. and {Aikin}, R.~W. and {Alexander}, K.~D. and {Barkats}, D. and 
	{Benton}, S.~J. and {Bischoff}, C.~A. and {Bock}, J.~J. and 
	{Bowens-Rubin}, R. and {Brevik}, J.~A. and {Buder}, I. and {Bullock}, E. and 
	{Buza}, V. and {Connors}, J. and {Crill}, B.~P. and {Duband}, L. and 
	{Dvorkin}, C. and {Filippini}, J.~P. and {Fliescher}, S. and 
	{Grayson}, J. and {Halpern}, M. and {Harrison}, S. and {Hilton}, G.~C. and 
	{Hui}, H. and {Irwin}, K.~D. and {Karkare}, K.~S. and {Karpel}, E. and 
	{Kaufman}, J.~P. and {Keating}, B.~G. and {Kefeli}, S. and {Kernasovskiy}, S.~A. and 
	{Kovac}, J.~M. and {Kuo}, C.~L. and {Leitch}, E.~M. and {Lueker}, M. and 
	{Megerian}, K.~G. and {Netterfield}, C.~B. and {Nguyen}, H.~T. and 
	{O'Brient}, R. and {Ogburn}, R.~W. and {Orlando}, A. and {Pryke}, C. and 
	{Richter}, S. and {Schwarz}, R. and {Sheehy}, C.~D. and {Staniszewski}, Z.~K. and 
	{Steinbach}, B. and {Sudiwala}, R.~V. and {Teply}, G.~P. and 
	{Thompson}, K.~L. and {Tolan}, J.~E. and {Tucker}, C. and {Turner}, A.~D. and 
	{Vieregg}, A.~G. and {Weber}, A.~C. and {Wiebe}, D.~V. and {Willmert}, J. and 
	{Wong}, C.~L. and {Wu}, W.~L.~K. and {Yoon}, K.~W.},
    title = "{Improved Constraints on Cosmology and Foregrounds from BICEP2 and Keck Array Cosmic Microwave Background Data with Inclusion of 95 GHz Band}",
  journal = {Physical Review Letters},
archivePrefix = "arXiv",
   eprint = {1510.09217},
     year = 2016,
    month = jan,
   volume = 116,
   number = 3,
      eid = {031302},
    pages = {031302},
      doi = {10.1103/PhysRevLett.116.031302},
   adsurl = {http://adsabs.harvard.edu/abs/2016PhRvL.116c1302B},
  adsnote = {Provided by the SAO/NASA Astrophysics Data System}
}

@ARTICLE{2018JLTP..tmp..133K,
   author = {{Koopman}, B.~J. and {Cothard}, N.~F. and {Choi}, S.~K. and 
	{Crowley}, K.~T. and {Duff}, S.~M. and {Henderson}, S.~W. and 
	{Ho}, S.~P. and {Hubmayr}, J. and {Gallardo}, P.~A. and {Nati}, F. and 
	{Niemack}, M.~D. and {Simon}, S.~M. and {Staggs}, S.~T. and 
	{Stevens}, J.~R. and {Vavagiakis}, E.~M. and {Wollack}, E.~J.
	},
    title = "{Advanced ACTPol Low-Frequency Array: Readout and Characterization of Prototype 27 and 39 GHz Transition Edge Sensors}",
  journal = {Journal of Low Temperature Physics},
archivePrefix = "arXiv",
   eprint = {1711.02594},
 primaryClass = "astro-ph.IM",
 keywords = {Cosmic microwave background, Transition edge sensor, Bolometer, Polarimetry, Advanced ACTPol, Synchrotron},
     year = 2018,
    month = may,
      doi = {10.1007/s10909-018-1957-5},
   adsurl = {http://adsabs.harvard.edu/abs/2018JLTP..tmp..133K},
  adsnote = {Provided by the SAO/NASA Astrophysics Data System}
}
@ARTICLE{2016JLTP..184..805S,
   author = {{Suzuki}, A. and {Ade}, P. and {Akiba}, Y. and {Aleman}, C. and 
	{Arnold}, K. and {Baccigalupi}, C. and {Barch}, B. and {Barron}, D. and 
	{Bender}, A. and {Boettger}, D. and {Borrill}, J. and {Chapman}, S. and 
	{Chinone}, Y. and {Cukierman}, A. and {Dobbs}, M. and {Ducout}, A. and 
	{Dunner}, R. and {Elleflot}, T. and {Errard}, J. and {Fabbian}, G. and 
	{Feeney}, S. and {Feng}, C. and {Fujino}, T. and {Fuller}, G. and 
	{Gilbert}, A. and {Goeckner-Wald}, N. and {Groh}, J. and {Haan}, T.~D. and 
	{Hall}, G. and {Halverson}, N. and {Hamada}, T. and {Hasegawa}, M. and 
	{Hattori}, K. and {Hazumi}, M. and {Hill}, C. and {Holzapfel}, W. and 
	{Hori}, Y. and {Howe}, L. and {Inoue}, Y. and {Irie}, F. and 
	{Jaehnig}, G. and {Jaffe}, A. and {Jeong}, O. and {Katayama}, N. and 
	{Kaufman}, J. and {Kazemzadeh}, K. and {Keating}, B. and {Kermish}, Z. and 
	{Keskitalo}, R. and {Kisner}, T. and {Kusaka}, A. and {Jeune}, M.~L. and 
	{Lee}, A. and {Leon}, D. and {Linder}, E. and {Lowry}, L. and 
	{Matsuda}, F. and {Matsumura}, T. and {Miller}, N. and {Mizukami}, K. and 
	{Montgomery}, J. and {Navaroli}, M. and {Nishino}, H. and {Peloton}, J. and 
	{Poletti}, D. and {Puglisi}, G. and {Rebeiz}, G. and {Raum}, C. and 
	{Reichardt}, C. and {Richards}, P. and {Ross}, C. and {Rotermund}, K. and 
	{Segawa}, Y. and {Sherwin}, B. and {Shirley}, I. and {Siritanasak}, P. and 
	{Stebor}, N. and {Stompor}, R. and {Suzuki}, J. and {Tajima}, O. and 
	{Takada}, S. and {Takakura}, S. and {Takatori}, S. and {Tikhomirov}, A. and 
	{Tomaru}, T. and {Westbrook}, B. and {Whitehorn}, N. and {Yamashita}, T. and 
	{Zahn}, A. and {Zahn}, O.},
    title = "{The Polarbear-2 and the Simons Array Experiments}",
  journal = {Journal of Low Temperature Physics},
archivePrefix = "arXiv",
   eprint = {1512.07299},
 primaryClass = "astro-ph.IM",
 keywords = {Cosmic microwave background, Inflation, Gravitational weak lensing, Polarization, B-mode},
     year = 2016,
    month = aug,
   volume = 184,
    pages = {805-810},
      doi = {10.1007/s10909-015-1425-4},
   adsurl = {http://adsabs.harvard.edu/abs/2016JLTP..184..805S},
  adsnote = {Provided by the SAO/NASA Astrophysics Data System}
}
@ARTICLE{2016arXiv161002743A,
   author = {{Abazajian}, K.~N. and {Adshead}, P. and {Ahmed}, Z. and {Allen}, S.~W. and 
	{Alonso}, D. and {Arnold}, K.~S. and {Baccigalupi}, C. and {Bartlett}, J.~G. and 
	{Battaglia}, N. and {Benson}, B.~A. and {Bischoff}, C.~A. and 
	{Borrill}, J. and {Buza}, V. and {Calabrese}, E. and {Caldwell}, R. and 
	{Carlstrom}, J.~E. and {Chang}, C.~L. and {Crawford}, T.~M. and 
	{Cyr-Racine}, F.-Y. and {De Bernardis}, F. and {de Haan}, T. and 
	{di Serego Alighieri}, S. and {Dunkley}, J. and {Dvorkin}, C. and 
	{Errard}, J. and {Fabbian}, G. and {Feeney}, S. and {Ferraro}, S. and 
	{Filippini}, J.~P. and {Flauger}, R. and {Fuller}, G.~M. and 
	{Gluscevic}, V. and {Green}, D. and {Grin}, D. and {Grohs}, E. and 
	{Henning}, J.~W. and {Hill}, J.~C. and {Hlozek}, R. and {Holder}, G. and 
	{Holzapfel}, W. and {Hu}, W. and {Huffenberger}, K.~M. and {Keskitalo}, R. and 
	{Knox}, L. and {Kosowsky}, A. and {Kovac}, J. and {Kovetz}, E.~D. and 
	{Kuo}, C.-L. and {Kusaka}, A. and {Le Jeune}, M. and {Lee}, A.~T. and 
	{Lilley}, M. and {Loverde}, M. and {Madhavacheril}, M.~S. and 
	{Mantz}, A. and {Marsh}, D.~J.~E. and {McMahon}, J. and {Meerburg}, P.~D. and 
	{Meyers}, J. and {Miller}, A.~D. and {Munoz}, J.~B. and {Nguyen}, H.~N. and 
	{Niemack}, M.~D. and {Peloso}, M. and {Peloton}, J. and {Pogosian}, L. and 
	{Pryke}, C. and {Raveri}, M. and {Reichardt}, C.~L. and {Rocha}, G. and 
	{Rotti}, A. and {Schaan}, E. and {Schmittfull}, M.~M. and {Scott}, D. and 
	{Sehgal}, N. and {Shandera}, S. and {Sherwin}, B.~D. and {Smith}, T.~L. and 
	{Sorbo}, L. and {Starkman}, G.~D. and {Story}, K.~T. and {van Engelen}, A. and 
	{Vieira}, J.~D. and {Watson}, S. and {Whitehorn}, N. and {Kimmy Wu}, W.~L.
	},
    title = "{CMB-S4 Science Book, First Edition}",
  journal = {ArXiv e-prints},
archivePrefix = "arXiv",
   eprint = {1610.02743},
 keywords = {Astrophysics - Cosmology and Nongalactic Astrophysics, General Relativity and Quantum Cosmology, High Energy Physics - Phenomenology, High Energy Physics - Theory},
     year = 2016,
    month = oct,
   adsurl = {http://adsabs.harvard.edu/abs/2016arXiv161002743A},
  adsnote = {Provided by the SAO/NASA Astrophysics Data System}
}
@ARTICLE{2018JLTP..tmp..124S,
   author = {{Suzuki}, A. and {Ade}, P.~A.~R. and {Akiba}, Y. and {Alonso}, D. and 
	{Arnold}, K. and {Aumont}, J. and {Baccigalupi}, C. and {Barron}, D. and 
	{Basak}, S. and {Beckman}, S. and {Borrill}, J. and {Boulanger}, F. and 
	{Bucher}, M. and {Calabrese}, E. and {Chinone}, Y. and {Cho}, S. and 
	{Crill}, B. and {Cukierman}, A. and {Curtis}, D.~W. and {de Haan}, T. and 
	{Dobbs}, M. and {Dominjon}, A. and {Dotani}, T. and {Duband}, L. and 
	{Ducout}, A. and {Dunkley}, J. and {Duval}, J.~M. and {Elleflot}, T. and 
	{Eriksen}, H.~K. and {Errard}, J. and {Fischer}, J. and {Fujino}, T. and 
	{Funaki}, T. and {Fuskeland}, U. and {Ganga}, K. and {Goeckner-Wald}, N. and 
	{Grain}, J. and {Halverson}, N.~W. and {Hamada}, T. and {Hasebe}, T. and 
	{Hasegawa}, M. and {Hattori}, K. and {Hattori}, M. and {Hayes}, L. and 
	{Hazumi}, M. and {Hidehira}, N. and {Hill}, C.~A. and {Hilton}, G. and 
	{Hubmayr}, J. and {Ichiki}, K. and {Iida}, T. and {Imada}, H. and 
	{Inoue}, M. and {Inoue}, Y. and {Irwin}, K.~D. and {Ishino}, H. and 
	{Jeong}, O. and {Kanai}, H. and {Kaneko}, D. and {Kashima}, S. and 
	{Katayama}, N. and {Kawasaki}, T. and {Kernasovskiy}, S.~A. and 
	{Keskitalo}, R. and {Kibayashi}, A. and {Kida}, Y. and {Kimura}, K. and 
	{Kisner}, T. and {Kohri}, K. and {Komatsu}, E. and {Komatsu}, K. and 
	{Kuo}, C.~L. and {Kurinsky}, N.~A. and {Kusaka}, A. and {Lazarian}, A. and 
	{Lee}, A.~T. and {Li}, D. and {Linder}, E. and {Maffei}, B. and 
	{Mangilli}, A. and {Maki}, M. and {Matsumura}, T. and {Matsuura}, S. and 
	{Meilhan}, D. and {Mima}, S. and {Minami}, Y. and {Mitsuda}, K. and 
	{Montier}, L. and {Nagai}, M. and {Nagasaki}, T. and {Nagata}, R. and 
	{Nakajima}, M. and {Nakamura}, S. and {Namikawa}, T. and {Naruse}, M. and 
	{Nishino}, H. and {Nitta}, T. and {Noguchi}, T. and {Ogawa}, H. and 
	{Oguri}, S. and {Okada}, N. and {Okamoto}, A. and {Okamura}, T. and 
	{Otani}, C. and {Patanchon}, G. and {Pisano}, G. and {Rebeiz}, G. and 
	{Remazeilles}, M. and {Richards}, P.~L. and {Sakai}, S. and 
	{Sakurai}, Y. and {Sato}, Y. and {Sato}, N. and {Sawada}, M. and 
	{Segawa}, Y. and {Sekimoto}, Y. and {Seljak}, U. and {Sherwin}, B.~D. and 
	{Shimizu}, T. and {Shinozaki}, K. and {Stompor}, R. and {Sugai}, H. and 
	{Sugita}, H. and {Suzuki}, J. and {Tajima}, O. and {Takada}, S. and 
	{Takaku}, R. and {Takakura}, S. and {Takatori}, S. and {Tanabe}, D. and 
	{Taylor}, E. and {Thompson}, K.~L. and {Thorne}, B. and {Tomaru}, T. and 
	{Tomida}, T. and {Tomita}, N. and {Tristram}, M. and {Tucker}, C. and 
	{Turin}, P. and {Tsujimoto}, M. and {Uozumi}, S. and {Utsunomiya}, S. and 
	{Uzawa}, Y. and {Vansyngel}, F. and {Wehus}, I.~K. and {Westbrook}, B. and 
	{Willer}, M. and {Whitehorn}, N. and {Yamada}, Y. and {Yamamoto}, R. and 
	{Yamasaki}, N. and {Yamashita}, T. and {Yoshida}, M.},
    title = "{The LiteBIRD Satellite Mission: Sub-Kelvin Instrument}",
  journal = {Journal of Low Temperature Physics},
archivePrefix = "arXiv",
   eprint = {1801.06987},
 primaryClass = "astro-ph.IM",
 keywords = {Cosmic microwave background, Satellite, Inflation, Polarization, B-mode},
     year = 2018,
    month = may,
      doi = {10.1007/s10909-018-1947-7},
   adsurl = {http://adsabs.harvard.edu/abs/2018JLTP..tmp..124S},
  adsnote = {Provided by the SAO/NASA Astrophysics Data System}
}
@ARTICLE{2017MNRAS.469.2821T,
   author = {{Thorne}, B. and {Dunkley}, J. and {Alonso}, D. and {N{\ae}ss}, S.
	},
    title = "{The Python Sky Model: software for simulating the Galactic microwave sky}",
  journal = {\mnras},
archivePrefix = "arXiv",
   eprint = {1608.02841},
 keywords = {cosmic background radiation, cosmology: observations},
     year = 2017,
    month = aug,
   volume = 469,
    pages = {2821-2833},
      doi = {10.1093/mnras/stx949},
   adsurl = {http://adsabs.harvard.edu/abs/2017MNRAS.469.2821T},
  adsnote = {Provided by the SAO/NASA Astrophysics Data System}
}
